@article{Rasmussen2011,
author = {Rasmussen, Peter Mondrup and Madsen, Kristoffer Hougaard and Lund, Torben Ellegaard and Hansen, Lars Kai},
journal = {NeuroImage},
number = {3},
pages = {1120--1131},
title = {{Visualization of nonlinear kernel models in neuroimaging by sensitivity maps.}},
volume = {55},
year = {2011}
}

@inproceedings{Zurada1994,
author = {Zurada, Jacek M. and Malinowski, Aleksander and Cloete, Ian},
booktitle = {Proceedings of the IEEE International Symposium on Circuits and Systems (ISCAS)},
pages = {447--450},
volume = {6},
title = {{Sensitivity analysis for minimization of input data dimension for feedforward neural network}},
year = {1994}
}

@article{Zurada1997,
author = {Zurada, Jacek M. and Malinowski, Aleksander and Usui, Shiro},
journal = {Neurocomputing},
title = {{Perturbation method for deleting redundant inputs of perceptron networks}},
volume = {14},
number = {2},
pages = {177--193},
year = {1997}
}

@article{Kjems2002,
author = {Kjems, U and Hansen, L K and Anderson, J and Frutiger, S and Muley, S and Sidtis, J and Rottenberg, D and Strother, S C},
journal = {NeuroImage},
number = {4},
pages = {772--786},
title = {{The quantitative evaluation of functional neuroimaging experiments: mutual information learning curves.}},
volume = {15},
year = {2002}
}

@article{Schmah2010,
author = {Schmah, Tanya and Yourganov, Grigori and Zemel, Richard S. and Hinton, Geoffrey E. and Small, Steven L. and Strother, Stephen C.},
journal = {Neural computation},
number = {11},
pages = {2729--2762},
title = {{Comparing classification methods for longitudinal fMRI studies.}},
volume = {22},
year = {2010}
}

@article{Hinton2012,
archivePrefix = {arXiv},
arxivId = {1207.0580},
author = {Hinton, Geoffrey E. and Srivastava, Nitish and Krizhevsky, Alex and Sutskever, Ilya and Salakhutdinov, Ruslan R.},
eprint = {1207.0580},
journal = {arXiv preprint arXiv:1207.0580},
pages = {1--18},
title = {{Improving neural networks by preventing co-adaptation of feature detectors}},
year = {2012}
}

@article{Pedregosa2012,
archivePrefix = {arXiv},
arxivId = {1201.0490},
author = {Pedregosa, Fabian and Varoquaux, Ga\"{e}l and Gramfort, Alexandre and Michel, Vincent and Thirion, Bertrand and Grisel, Olivier and Blondel, Mathieu and Prettenhofer, Peter and Weiss, Ron and Dubourg, Vincent and Vanderplas, Jake and Passos, Alexandre and Cournapeau, David and Brucher, Matthieu and Perrot, Matthieu and Duchesnay, \'{E}douard},
eprint = {1201.0490},
journal = {The Journal of Machine Learning Research},
pages = {2825--2830},
title = {{Scikit-learn: Machine Learning in Python}},
volume = {12},
year = {2012}
}

@article{Horikawa2013,
  title={Neural decoding of visual imagery during sleep},
  author={Horikawa, Tomoyasu and Tamaki, Masako and Miyawaki, Yoichi and Kamitani, Yukiyasu},
  journal={Science},
  volume={340},
  number={6132},
  pages={639--642},
  year={2013},
}

@inproceedings{DeepFace,
author = {Taigman, Yaniv and Yang, Ming and Ranzato, Marc'Aurelio and Wolf, Lior},
booktitle = {Proceedings of the IEEE Conference on Computer Vision and Pattern Recognition (CVPR)},
pages = {1701--1708},
title = {Deepface: Closing the gap to human-level performance in face verification},
year = {2014}
}

@inproceedings{Mairal2009,
author = {Mairal, Julien and Bach, Francis and Ponce, Jean and Sapiro, Guillermo},
booktitle = {Proceedings of the 26th Annual International Conference on Machine Learning (ICML)},
pages = {689--696},
title = {{Online dictionary learning for sparse coding}},
year = {2009}
}

@article{Baehrens2010,
author = {Baehrens, David and Schroeter, Timon and Harmeling, Stefan and Kawanabe, Motoaki and Hansen, Katja and Muller, Klaus-Robert},
journal = {The Journal of Machine Learning Research},
keywords = {ames mutagenicity,black box model,explaining,kernel methods,nonlinear},
pages = {1803--1831},
title = {{How to explain individual classification decisions}},
volume = {11},
year = {2010}
}

@article{DarkKnowledge,
author = {Hinton, Geoffrey E.},
title = {Dark Knowledge},
year = {2014},
journal = {presented as the keynote in BayLearn},
}

@article{LaConte2005,
author = {LaConte, Stephen and Strother, Stephen and Cherkassky, Vladimir and Anderson, Jon and Hu, Xiaoping},
journal = {NeuroImage},
number = {2},
pages = {317--329},
title = {{Support vector machines for temporal classification of block design fMRI data.}},
volume = {26},
year = {2005}
}

@article{Yukinawa2009,
author = {Yukinawa, Naoto and Oba, Shigeyuki and Kato, Kikuya and Ishii, Shin},
journal = {IEEE/ACM Transactions on Computational Biology and Bioinformatics},
number = {2},
pages = {333--343},
title = {{Optimal aggregation of binary classifiers for multiclass cancer diagnosis using gene expression profiles}},
volume = {6},
year = {2009}
}

@article{Kontos2005,
author = {Kontos, Despina and Megalooikonomou, Vasileios},
journal = {Pattern Recognition},
keywords = {characterization,classification,feature extraction,region growth model,regions of interest,similarity searches,spatial databases},
number = {11},
pages = {1831--1846},
pmid = {16565747},
title = {{Fast and effective characterization for classification and similarity searches of 2D and 3D spatial region data.}},
volume = {38},
year = {2005}
}

@article{Mural1991,
author = {Uberbacher, Edward C. and Mural, Richard J.},
journal = {Proceedings of the National Academy of Sciences},
number = {24},
pages = {11261--11265},
title = {{Locating protein-coding regions in human DNA sequences by a multiple sensor-neural network approach}},
volume = {88},
year = {1991}
}

@inproceedings{Jenatton2009,
  title = {Structured sparse principal component analysis},
  author = {Jenatton, Rodolphe and Obozinski, Guillaume and Bach, Francis},
  booktitle = {Proceedings of the International Conference on Artificial Intelligence and Statistics (AISTATS)},
  year = {2010},
  volume = {9},
  pages = {366--373}
}

@article{cox2003functional,
  title = {{Functional magnetic resonance imaging (fMRI){\textquotedblleft}brain reading{\textquotedblright}: detecting and classifying distributed patterns of fMRI activity in human visual cortex}},
  author = {Cox, David D and Savoy, Robert L},
  journal = {NeuroImage},
  volume = {19},
  number = {2},
  pages = {261--270},
  year = {2003},
  publisher = {Elsevier},
}

@article{haxby2001distributed,
  title = {{Distributed and overlapping representations of faces and objects in ventral temporal cortex}},
  author = {Haxby, James V and Gobbini, M Ida and Furey, Maura L and Ishai, Alumit and Schouten, Jennifer L and Pietrini, Pietro},
  journal = {Science},
  volume = {293},
  number = {5539},
  pages = {2425--2430},
  year = {2001},
  publisher = {American Association for the Advancement of Science},
}

@inproceedings{seide2011conversational,
  title = {{Conversational Speech Transcription Using Context-Dependent Deep Neural Networks.}},
  author = {Seide, Frank and Li, Gang and Yu, Dong},
  booktitle = {Proceedings of the Annual Conference of the International Speech Communication Association (Interspeech)},
  pages = {437--440},
  year = {2011},
}

@inproceedings{krizhevsky2012imagenet,
  title = {{Imagenet classification with deep convolutional neural networks}},
  author = {Krizhevsky, Alex and Sutskever, Ilya and Hinton, Geoffrey E},
  booktitle = {Proceedings of the Advances in Neural Information Processing Systems (NIPS)},
  pages = {1097--1105},
  year = {2012},
}

@inproceedings{jarrett2009best,
  title = {{What is the best multi-stage architecture for object recognition?}},
  author = {Jarrett, Kevin and Kavukcuoglu, Koray and Ranzato, M and LeCun, Yann},
  booktitle = {Proceedings of the IEEE International Conference on Computer Vision (ICCV)},
  pages = {2146--2153},
  year = {2009},
}

@article{srivastava2014dropout,
  title = {{Dropout: A simple way to prevent neural networks from overfitting}},
  author = {Srivastava, Nitish and Hinton, Geoffrey and Krizhevsky, Alex and Sutskever, Ilya and Salakhutdinov, Ruslan},
  journal = {The Journal of Machine Learning Research},
  volume = {15},
  number = {1},
  pages = {1929--1958},
  year = {2014},
  publisher = {JMLR. org},
}

@article{bergstra2012random,
  title = {{Random search for hyper-parameter optimization}},
  author = {Bergstra, James and Bengio, Yoshua},
  journal = {The Journal of Machine Learning Research},
  volume = {13},
  number = {1},
  pages = {281--305},
  year = {2012},
  publisher = {JMLR. org},
}

@article{van2013wu,
  title = {{The WU-Minn human connectome project: an overview}},
  author = {Van Essen, David C and Smith, Stephen M and Barch, Deanna M and Behrens, Timothy EJ and Yacoub, Essa and Ugurbil, Kamil},
  journal = {NeuroImage},
  volume = {80},
  pages = {62--79},
  year = {2013},
  publisher = {Elsevier},
}

@article{glasser2013minimal,
  title = {{The minimal preprocessing pipelines for the Human Connectome Project}},
  author = {Glasser, Matthew F and Sotiropoulos, Stamatios N and Wilson, J Anthony and Coalson, Timothy S and Fischl, Bruce and Andersson, Jesper L and Xu, Junqian and Jbabdi, Saad and Webster, Matthew and Polimeni, Jonathan R and others},
  journal = {NeuroImage},
  volume = {80},
  pages = {105--124},
  year = {2013},
  publisher = {Academic Press},
}

@article{barch2013function,
  title = {{Function in the human connectome: Task-fMRI and individual differences in behavior}},
  author = {Barch, Deanna M and Burgess, Gregory C and Harms, Michael P and Petersen, Steven E and Schlaggar, Bradley L and Corbetta, Maurizio and Glasser, Matthew F and Curtiss, Sandra and Dixit, Sachin and Feldt, Cindy and others},
  journal = {NeuroImage},
  volume = {80},
  pages = {169--189},
  year = {2013},
  publisher = {Academic Press},
}

@article{hatakeyama2014multi,
  title = {{Multi-Voxel Pattern Analysis of fMRI Based on Deep Learning Methods}},
  author = {Hatakeyama, Yutaka and Yoshida, Shinichi and Kataoka, Hiromi and Okuhara, Yoshiyasu},
  journal = {Soft Computing in Big Data Processing},
  pages = {29--38},
  year = {2014},
  publisher = {Springer International Publishing},
}

@article{plis2013deep,
  title = {{Deep learning for neuroimaging: a validation study}},
  author = {Plis, Sergey M  and  Hjelm, Devon  and  Salakhutdinov, Ruslan  and  Allen, Elena A  and  Bockholt, Henry Jeremy  and  Long, Jeffrey D  and  Johnson, Hans J  and  Paulsen, Jane  and  Turner, Jessica A  and  Calhoun, Vince D},
  journal = {Frontiers in Neuroscience},
  volume = {8},
  year = {2014},
  number = {229},
  issn = {1662-453X},
}

@article{fazli2009subject,
  title = {{Subject-independent mental state classification in single trials}},
  author = {Fazli, Siamac and Popescu, Florin and Dan{\'o}czy, M{\'a}rton and Blankertz, Benjamin and M{\"u}ller, Klaus-Robert and Grozea, Cristian},
  journal = {Neural Networks},
  volume = {22},
  number = {9},
  pages = {1305--1312},
  year = {2009},
  publisher = {Elsevier},
}

@article{binder2011mapping,
  title = {{Mapping anterior temporal lobe language areas with fMRI: a multicenter normative study}},
  author = {Binder, Jeffrey R and Gross, William L and Allendorfer, Jane B and Bonilha, Leonardo and Chapin, Jessica and Edwards, Jonathan C and Grabowski, Thomas J and Langfitt, John T and Loring, David W and Lowe, Mark J and others},
  journal = {NeuroImage},
  volume = {54},
  number = {2},
  pages = {1465--1475},
  year = {2011},
  publisher = {Elsevier},
}

@article{buckner2011organization,
  title = {{The organization of the human cerebellum estimated by intrinsic functional connectivity}},
  author = {Buckner, Randy L and Krienen, Fenna M and Castellanos, Angela and Diaz, Julio C and Yeo, BT Thomas},
  journal = {Journal of Neurophysiology},
  volume = {106},
  number = {5},
  pages = {2322--2345},
  year = {2011},
  publisher = {Am Physiological Soc},
}

@article{castelli2000movement,
  title = {{Movement and mind: a functional imaging study of perception and interpretation of complex intentional movement patterns}},
  author = {Castelli, Fulvia and Happ{\'e}, Francesca and Frith, Uta and Frith, Chris},
  journal = {NeuroImage},
  volume = {12},
  number = {3},
  pages = {314--325},
  year = {2000},
  publisher = {Elsevier},
}

@article{delgado2000tracking,
  title = {{Tracking the hemodynamic responses to reward and punishment in the striatum}},
  author = {Delgado, Mauricio R and Nystrom, Leigh E and Fissell, C and Noll, DC and Fiez, Julie A},
  journal = {Journal of Neurophysiology},
  volume = {84},
  number = {6},
  pages = {3072--3077},
  year = {2000},
  publisher = {American Physiological Society},
}

@article{hariri2002amygdala,
  title = {{The amygdala response to emotional stimuli: a comparison of faces and scenes}},
  author = {Hariri, Ahmad R and Tessitore, Alessandro and Mattay, Venkata S and Fera, Francesco and Weinberger, Daniel R},
  journal = {NeuroImage},
  volume = {17},
  number = {1},
  pages = {317--323},
  year = {2002},
  publisher = {Elsevier},
}

@article{smith2007localizing,
  title = {{Localizing the rostrolateral prefrontal cortex at the individual level}},
  author = {Smith, Rachelle and Keramatian, Kamyar and Christoff, Kalina},
  journal = {NeuroImage},
  volume = {36},
  number = {4},
  pages = {1387--1396},
  year = {2007},
  publisher = {Academic Press},
}

@article{wheatley2007understanding,
  title = {{Understanding animate agents distinct roles for the social network and mirror system}},
  author = {Wheatley, Thlia and Milleville, Shawn C and Martin, Alex},
  journal = {Psychological Science},
  volume = {18},
  number = {6},
  pages = {469--474},
  year = {2007},
  publisher = {SAGE Publications},
}

@article{tzourio2002automated,
  title = {{Automated anatomical labeling of activations in SPM using a macroscopic anatomical parcellation of the MNI MRI single-subject brain}},
  author = {Tzourio-Mazoyer, Nathalie and Landeau, Brigitte and Papathanassiou, Dimitri and Crivello, Fabrice and Etard, Olivier and Delcroix, Nicolas and Mazoyer, Bernard and Joliot, Marc},
  journal = {NeuroImage},
  volume = {15},
  number = {1},
  pages = {273--289},
  year = {2002},
  publisher = {Academic Press},
}

@article{maldjian2003automated,
  title = {{An automated method for neuroanatomic and cytoarchitectonic atlas-based interrogation of fMRI data sets}},
  author = {Maldjian, Joseph A and Laurienti, Paul J and Kraft, Robert A and Burdette, Jonathan H},
  journal = {NeuroImage},
  volume = {19},
  number = {3},
  pages = {1233--1239},
  year = {2003},
  publisher = {Academic Press},
}

@article{rana2013toolbox,
  title = {{A toolbox for real-time subject-independent and subject-dependent classification of brain states from fMRI signals}},
  author = {Rana, Mohit and Gupta, Nalin and Da Rocha, Josue L Dalboni and Lee, Sangkyun and Sitaram, Ranganatha},
  journal = {Frontiers in Neuroscience},
  volume = {7},
  year = {2013},
  publisher = {Frontiers Media SA},
}

@article{nishimoto2011reconstructing,
  title = {{Reconstructing visual experiences from brain activity evoked by natural movies}},
  author = {Nishimoto, Shinji and Vu, An T and Naselaris, Thomas and Benjamini, Yuval and Yu, Bin and Gallant, Jack L},
  journal = {Current Biology},
  volume = {21},
  number = {19},
  pages = {1641--1646},
  year = {2011},
  publisher = {Cell Press},
}

@article{Cole2014,
  author = {Cole, Michael W and Bassett, Danielle S and Power, Jonathan D and Braver, Todd S and Petersen, Steven E},
  journal = {Neuron},
  number = {1},
  pages = {238--51},
  title = {{Intrinsic and task-evoked network architectures of the human brain.}},
  volume = {83},
  year = {2014},
}


@inproceedings{Koyamada2014b,
  author = {Koyamada, Sotetsu and Koyama, Masanori and Nakae, Ken and Ishii, Shin},
  booktitle = {Proceedings of the Pacific-Asia Conference on Knowledge Discovery and Data Mining (PAKDD)},
  title = {Principal Sensitivity Analysis},
  year = {to appear},
}


@inproceedings{bergstra2010theano,
  title = {{Theano: a CPU and GPU math expression compiler}},
  author = {Bergstra, James and Breuleux, Olivier and Bastien, Fr{\'e}d{\'e}ric and Lamblin, Pascal and Pascanu, Razvan and Desjardins, Guillaume and Turian, Joseph and Warde-Farley, David and Bengio, Yoshua},
  booktitle = {Proceedings of the Python for Scientific Computing Conference (SciPy)},
  volume = {4},
  pages = {3},
  year = {2010},
}


@article{pedregosa2011scikit,
  title = {{Scikit-learn: Machine learning in Python}},
  author = {Pedregosa, Fabian and Varoquaux, Ga{\"e}l and Gramfort, Alexandre and Michel, Vincent and Thirion, Bertrand and Grisel, Olivier and Blondel, Mathieu and Prettenhofer, Peter and Weiss, Ron and Dubourg, Vincent and others},
  journal = {The Journal of Machine Learning Research},
  volume = {12},
  pages = {2825--2830},
  year = {2011},
  publisher = {JMLR. org},
}

@inproceedings{Koyamada2014a,
  title = {{Construction of subject-independent brain becoders for human fMRI with deep learning}},
  author = {Koyamada, Sotetsu and Shikauchi, Yumi and Nakae, Ken and Ishii, Shin},
  booktitle = {Proceedings of the International Conference on Data Mining, Internet Computing, and Big Data (BigData2014)},
  pages = {60--68},
  year = {2014},
}

@article{Buckner2013,
  title = {{Opportunities and limitations of intrinsic functional connectivity MRI}},
  author = {Buckner, Randy L and Krienen, Fenna M and Yeo, BT Thomas},
  journal = {Nature Neuroscience},
  volume = {16},
  number = {7},
  pages = {832--837},
  year = {2013},
  publisher = {Nature Publishing Group},
}

@article{cole2013multi,
  title = {{Multi-task connectivity reveals flexible hubs for adaptive task control}},
  author = {Cole, Michael W and Reynolds, Jeremy R and Power, Jonathan D and Repovs, Grega and Anticevic, Alan and Braver, Todd S},
  journal = {Nature Neuroscience},
  volume = {16},
  number = {9},
  pages = {1348--1355},
  year = {2013},
  publisher = {Nature Publishing Group},
}

@article{taylor2009two,
  title = {{Two systems of resting state connectivity between the insula and cingulate cortex}},
  author = {Taylor, Keri S and Seminowicz, David A and Davis, Karen D},
  journal = {Human Brain Mapping},
  volume = {30},
  number = {9},
  pages = {2731--2745},
  year = {2009},
  publisher = {Wiley Online Library},
}

@article{raichle2007default,
  title = {{A default mode of brain function: a brief history of an evolving idea}},
  author = {Raichle, Marcus E and Snyder, Abraham Z},
  journal = {NeuroImage},
  volume = {37},
  number = {4},
  pages = {1083--1090},
  year = {2007},
  publisher = {Elsevier},
}

@article{raichle2001default,
  title = {{A default mode of brain function}},
  author = {Raichle, Marcus E and MacLeod, Ann Mary and Snyder, Abraham Z and Powers, William J and Gusnard, Debra A and Shulman, Gordon L},
  journal = {Proceedings of the National Academy of Sciences},
  volume = {98},
  number = {2},
  pages = {676--682},
  year = {2001},
  publisher = {National Acad Sciences},
}

@article{kamitani2005decoding,
  title = {{Decoding the visual and subjective contents of the human brain}},
  author = {Kamitani, Yukiyasu and Tong, Frank},
  journal = {Nature Neuroscience},
  volume = {8},
  number = {5},
  pages = {679--685},
  year = {2005},
  publisher = {Nature Publishing Group},
}

@article{sitaram2007fmri,
  title = {{FMRI brain-computer interface: a tool for neuroscientific research and treatment}},
  author = {Sitaram, Ranganatha and Caria, Andrea and Veit, Ralf and Gaber, Tilman and Rota, Giuseppina and Kuebler, Andrea and Birbaumer, Niels},
  journal = {Computational Intelligence and Neuroscience},
  volume = {2007},
  year = {2007},
  pages = {25487},
  publisher = {Hindawi Publishing Corporation},
}

@article{birbaumer2006breaking,
  title = {{Breaking the silence: brain--computer interfaces (BCI) for communication and motor control}},
  author = {Birbaumer, Niels},
  journal = {Psychophysiology},
  volume = {43},
  number = {6},
  pages = {517--532},
  year = {2006},
  publisher = {Wiley Online Library},
}

@article{shibata2011perceptual,
  title = {{Perceptual learning incepted by decoded fMRI neurofeedback without stimulus presentation}},
  author = {Shibata, Kazuhisa and Watanabe, Takeo and Sasaki, Yuka and Kawato, Mitsuo},
  journal = {Science},
  volume = {334},
  number = {6061},
  pages = {1413--1415},
  year = {2011},
  publisher = {American Association for the Advancement of Science},
}

@article{laconte2011decoding,
  title = {{Decoding fMRI brain states in real-time}},
  author = {LaConte, Stephen M},
  journal = {Neuroimage},
  volume = {56},
  number = {2},
  pages = {440--454},
  year = {2011},
  publisher = {Elsevier},
}

@article{sitaram2012acquired,
  title = {{Acquired control of ventral premotor cortex activity by feedback training an exploratory real-time fMRI and TMS study}},
  author = {Sitaram, Ranganatha and Veit, Ralf and Stevens, Birte and Caria, Andrea and Gerloff, Christian and Birbaumer, Niels and Hummel, Friedhelm},
  journal = {Neurorehabilitation and Neural Repair},
  volume = {26},
  number = {3},
  pages = {256--265},
  year = {2012},
  publisher = {SAGE Publications},
}

@article{lemm2011introduction,
  title = {{Introduction to machine learning for brain imaging}},
  author = {Lemm, Steven and Blankertz, Benjamin and Dickhaus, Thorsten and M{\"u}ller, Klaus-Robert},
  journal = {Neuroimage},
  volume = {56},
  number = {2},
  pages = {387--399},
  year = {2011},
  publisher = {Elsevier},
}

@article{marquand2014bayesian,
  title = {{Bayesian multi-task learning for decoding multi-subject neuroimaging data}},
  author = {Marquand, Andre F and Brammer, Michael and Williams, Steven CR and Doyle, Orla M},
  journal = {NeuroImage},
  volume = {92},
  pages = {298--311},
  year = {2014},
  publisher = {Elsevier},
}

@article{raizada2012makes,
  title = {{What makes different people's representations alike: neural similarity space solves the problem of across-subject fMRI decoding}},
  author = {Raizada, Rajeev DS and Connolly, Andrew C},
  journal = {Journal of Cognitive Neuroscience},
  volume = {24},
  number = {4},
  pages = {868--877},
  year = {2012},
  publisher = {MIT Press},
}

@article{miyawaki2008visual,
  title = {{Visual image reconstruction from human brain activity using a combination of multiscale local image decoders}},
  author = {Miyawaki, Yoichi and Uchida, Hajime and Yamashita, Okito and Sato, Masaki and Morito, Yusuke and Tanabe, Hiroki C and Sadato, Norihiro and Kamitani, Yukiyasu},
  journal = {Neuron},
  volume = {60},
  number = {5},
  pages = {915--929},
  year = {2008},
  publisher = {Elsevier},
}

@article{abraham2014machine,
  title = {{Machine learning for neuroimaging with scikit-learn}},
  author = {Abraham, Alexandre and Pedregosa, Fabian and Eickenberg, Michael and Gervais, Philippe and Mueller, Andreas and Kossaifi, Jean and Gramfort, Alexandre and Thirion, Bertrand and Varoquaux, Ga{\"e}l},
  journal = {Frontiers in Neuroinformatics},
  volume = {8},
  pages = {14},
  year = {2014},
}

@article{Koyamada2015,
  author = {Koyamada, Sotetsu and Shikauchi, Yumi and Nakae, Ken and Koyama, Masanori and Ishii, Shin},
  journal = {arXiv preprint arXiv:1502.00093},
  title = {{Deep learning of fMRI big data: a novel approach to subject-transfer decoding}},
  year = {submitted},
}

@article{yamashita2008sparse,
  title={Sparse estimation automatically selects voxels relevant for the decoding of fMRI activity patterns},
  author={Yamashita, Okito and Sato, Masaaki and Yoshioka, Taku and Tong, Frank and Kamitani, Yukiyasu},
  journal={NeuroImage},
  volume={42},
  number={4},
  pages={1414--1429},
  year={2008},
  publisher={Elsevier}
}

@book{bishop2006pattern,
  title={Pattern recognition and machine learning},
  author={Bishop, Christopher M},
   year={2006},
  publisher={Springer}
}